<?xml version="1.0" encoding="UTF-8"?><record xmlns="http://www.loc.gov/MARC21/slim" xmlns:cinclude="http://apache.org/cocoon/include/1.0" xmlns:zs="http://www.loc.gov/zing/srw/">
  <leader>00970cz  a2200265n  4500</leader>
  <controlfield tag="001">n  87929424 </controlfield>
  <controlfield tag="003">DLC</controlfield>
  <controlfield tag="005">20140401073848.0</controlfield>
  <controlfield tag="008">871229nc azannaabn          |b aaa      </controlfield>
  <datafield tag="010" ind1=" " ind2=" ">
    <subfield code="a">n  87929424 </subfield>
  </datafield>
  <datafield tag="035" ind1=" " ind2=" ">
    <subfield code="a">(OCoLC)oca02172677</subfield>
  </datafield>
  <datafield tag="040" ind1=" " ind2=" ">
    <subfield code="a">DLC</subfield>
    <subfield code="b">eng</subfield>
    <subfield code="e">rda</subfield>
    <subfield code="c">DLC</subfield>
    <subfield code="d">DLC</subfield>
    <subfield code="d">OCoLC</subfield>
    <subfield code="d">DLC</subfield>
    <subfield code="d">OCoLC</subfield>
    <subfield code="d">HkUST</subfield>
    <subfield code="d">InU</subfield>
  </datafield>
  <datafield tag="046" ind1=" " ind2=" ">
    <subfield code="f">1227</subfield>
    <subfield code="g">1307</subfield>
  </datafield>
  <datafield tag="053" ind1=" " ind2="0">
    <subfield code="a">PL2694.F3</subfield>
  </datafield>
  <datafield tag="100" ind1="1" ind2=" ">
    <subfield code="a">Fang, Hui,</subfield>
    <subfield code="d">1227-1307</subfield>
  </datafield>
  <datafield tag="400" ind1="1" ind2=" ">
    <subfield code="a">方回,</subfield>
    <subfield code="d">1227-1307</subfield>
  </datafield>
  <datafield tag="400" ind1="1" ind2=" ">
    <subfield code="a">Fang, Wanli,</subfield>
    <subfield code="d">1227-1307</subfield>
  </datafield>
  <datafield tag="400" ind1="1" ind2=" ">
    <subfield code="a">Fang, Wan-li,</subfield>
    <subfield code="d">1227-1307</subfield>
  </datafield>
  <datafield tag="400" ind1="1" ind2=" ">
    <subfield code="a">方萬里,</subfield>
    <subfield code="d">1227-1307</subfield>
  </datafield>
  <datafield tag="400" ind1="1" ind2=" ">
    <subfield code="a">Fang, Xugu,</subfield>
    <subfield code="d">1227-1307</subfield>
  </datafield>
  <datafield tag="400" ind1="1" ind2=" ">
    <subfield code="a">Fang, Hsü-ku,</subfield>
    <subfield code="d">1227-1307</subfield>
  </datafield>
  <datafield tag="400" ind1="1" ind2=" ">
    <subfield code="a">方虛谷,</subfield>
    <subfield code="d">1227-1307</subfield>
  </datafield>
  <datafield tag="667" ind1=" " ind2=" ">
    <subfield code="a">Machine-derived non-Latin script reference project.</subfield>
  </datafield>
  <datafield tag="667" ind1=" " ind2=" ">
    <subfield code="a">Non-Latin script references not evaluated.</subfield>
  </datafield>
  <datafield tag="670" ind1=" " ind2=" ">
    <subfield code="a">Ying kʻuei lü sui hui pʻing, 1986:</subfield>
    <subfield code="b">t.p. (Fang Hui of Yüan dynasty) pref. (b. 1227, d. 1307; t. 萬里 = Wan-li, h. 虛谷 = Hsü-ku, native of She-hsien, Anhui Province)</subfield>
  </datafield>
</record>